@misc{WEB:UEFI:UEFI:SPEC:2.9,
  author = {UEFI Forum},
  title  = {UEFI Specification, version 2.9},
  url    = {https://uefi.org/sites/default/files/resources/UEFI_Spec_2_9_2021_03_18.pdf},
  year   = {2021}
}

@misc{WEB:EDKII:BUILD:SPEC,
  author = {TianoCore},
  title  = {EDKII Build Specification},
  url    = {https://edk2-docs.gitbook.io/edk-ii-build-specification/}
}